% ## AI Decision making in games:

% Call for AI research in RTS games (115 cites)
% https://www.aaai.org/Papers/Workshops/2004/WS-04-04/WS04-04-028.pdf
@inproceedings{buro2004call,
  title={Call for AI research in RTS games},
  author={Buro, Michael},
  booktitle={Proceedings of the AAAI-04 Workshop on Challenges in Game AI},
  pages={139--142},
  year={2004},
  organization={AAAI press}
}

% Current AI in games: A review (115 cites)
% https://eprints.qut.edu.au/45741/1/AJIIPS_paper.pdf
@article{sweetser2002current,
  title={Current AI in games: A review},
  author={Sweetser, Penelope and Wiles, Janet},
  journal={Australian Journal of Intelligent Information Processing Systems},
  volume={8},
  number={1},
  pages={24--42},
  year={2002},
  publisher={ANU}
}

% AI in computer games (187 cites)
% http://citeseerx.ist.psu.edu/viewdoc/download?doi=10.1.1.77.7072&rep=rep1&type=pdf
@article{nareyek2004ai,
  title={AI in computer games},
  author={Nareyek, Alexander},
  journal={Queue},
  volume={1},
  number={10},
  pages={58},
  year={2004},
  publisher={ACM}
}

% ## Pathfinding algorithms for decision making:

% Implementing reccomendation algorithms for decision making processes (5 cites)
% NOTE: This paper features a pathfinding algorithm very similar to the one in this project
% http://revistaie.ase.ro/content/63/08%20-%20Stanciu,%20Petrusel.pdf
@article{stanciu2012implementing,
  title={Implementing Recommendation Algorithms for Decision Making Processes.},
  author={Stanciu, Paula-Ligia and PETRU{\c{S}}EL, R{\u{a}}zvan},
  journal={Informatica Economica},
  volume={16},
  number={3},
  year={2012}
}

% Pathfinding in computer games (69 cites)
% https://arrow.dit.ie/cgi/viewcontent.cgi?article=1063&context=itbj
@article{graham2003pathfinding,
  title={Pathfinding in computer games},
  author={Graham, Ross and McCabe, Hugh and Sheridan, Stephen},
  journal={The ITB Journal},
  volume={4},
  number={2},
  pages={6},
  year={2003}
}

% ## Pathfinding algorithms:

% Using a genetic algorithm to explore A*-like pathfinding algorithms (45 cites)
% https://www.cse.unr.edu/~sushil/class/gas/papers/Using%20a%20Genetic%20Algorithm%20to%20Explore%20A_-like%20Pathfinding%20Algorithms.pdf
@inproceedings{leigh2007using,
  title={Using a genetic algorithm to explore A*-like pathfinding algorithms},
  author={Leigh, Ryan and Louis, Sushil J and Miles, Chris},
  booktitle={2007 IEEE Symposium on Computational Intelligence and Games},
  pages={72--79},
  year={2007},
  organization={IEEE}
}

% Grid-based path finding (141 cites)
% https://svn.sable.mcgill.ca/sable/courses/COMP763/oldpapers/yap-02-grid-based.pdf
@inproceedings{yap2002grid,
  title={Grid-based path-finding},
  author={Yap, Peter},
  booktitle={Conference of the Canadian Society for Computational Studies of Intelligence},
  pages={44--55},
  year={2002},
  organization={Springer}
}

% A*-based pathfinding in modern computer games (153 cites)
% https://pdfs.semanticscholar.org/9ee1/5267cfce524c1e963534070aa7a192ae1f9c.pdf
@article{cui2011based,
  title={A*-based pathfinding in modern computer games},
  author={Cui, Xiao and Shi, Hao},
  journal={International Journal of Computer Science and Network Security},
  volume={11},
  number={1},
  pages={125--130},
  year={2011},
  publisher={International Journal of Computer Science and Network Security (IJCSNS)}
}

% Partial pathfinding using map abstraction and refinement (164 cites)
% http://new.aaai.org/Papers/AAAI/2005/AAAI05-221.pdf
@inproceedings{sturtevant2005partial,
  title={Partial pathfinding using map abstraction and refinement},
  author={Sturtevant, Nathan and Buro, Michael},
  booktitle={AAAI},
  volume={5},
  pages={1392--1397},
  year={2005}
}


% ## Behaviour Trees:

% Evolving Behaviour Trees for the Commercial Game DEFCON (107 cites)
% http://ccg.doc.gold.ac.uk/ccg_old/papers/lim_evogames10.pdf
@article{limevolving,
  title={Evolving Behaviour Trees for the Commercial Game DEFCON},
  author={Lim, Chong-U and Baumgarten, Robin and Colton, Simon}
}

% ## Behavior Trees:

% Parameterizing behavior trees (76 cites)
% https://people.cs.umass.edu/~fmgarcia/Papers/Parameterizing%20Behavior%20Trees.pdf
@inproceedings{shoulson2011parameterizing,
  title={Parameterizing behavior trees},
  author={Shoulson, Alexander and Garcia, Francisco M and Jones, Matthew and Mead, Robert and Badler, Norman I},
  booktitle={International Conference on Motion in Games},
  pages={144--155},
  year={2011},
  organization={Springer}
}

% Performance analysis of stochastic behavior trees (36 cites)
% http://www.csc.kth.se/~petter/Publications/ICRA14_cmo.pdf
@inproceedings{colledanchise2014performance,
  title={Performance analysis of stochastic behavior trees},
  author={Colledanchise, Michele and Marzinotto, Alejandro and {\"O}gren, Petter},
  booktitle={2014 IEEE International Conference on Robotics and Automation (ICRA)},
  pages={3265--3272},
  year={2014},
  organization={IEEE}
}

% Building behavior trees from observations in real-time strategy games (16 cites)
% https://www.cs.auckland.ac.nz/research/gameai/publications/Robertson_Watson_INISTA15.pdf
@inproceedings{robertson2015building,
  title={Building behavior trees from observations in real-time strategy games},
  author={Robertson, Glen and Watson, Ian},
  booktitle={2015 International Symposium on Innovations in Intelligent SysTems and Applications (INISTA)},
  pages={1--7},
  year={2015},
  organization={IEEE}
}

% Behavior modeling in commercial games (40 cites)
% http://citeseerx.ist.psu.edu/viewdoc/download?doi=10.1.1.487.3985&rep=rep1&type=pdf
@inproceedings{diller2004behavior,
  title={Behavior modeling in commercial games},
  author={Diller, David E and Ferguson, William and Leung, Alice M and Benyo, Brett and Foley, Dennis},
  booktitle={Proceedings of the 2004 Conference on Behavior Representation in Modeling and Simulation (BRIMS)},
  pages={17--20},
  year={2004}
}

% AI for Games (910 cites)
% http://www.matt-versaggi.com/mit_open_courseware/GameAI/ArtificialIntelligenceforGamesSecondEdition.pdf
@book{millington2019ai,
  title={AI for Games},
  author={Millington, Ian},
  year={2019},
  publisher={CRC Press}
}


% Building human-level AI for Real-Time Strategy Games (87 cites)
% https://www.aaai.org/ocs/index.php/FSS/FSS11/paper/viewFile/4209/4567
@inproceedings{weber2011building,
  title={Building human-level ai for real-time strategy games},
  author={Weber, Ben George and Mateas, Michael and Jhala, Arnav},
  booktitle={2011 AAAI Fall Symposium Series},
  year={2011}
}

% ## Decision Trees:

% Simplifying Decision Trees (2442 cites)
% http://www.bitsavers.org/pdf/mit/ai/aim/AIM-930.pdf
@article{quinlan14simplifying,
  title={Simplifying Decision Trees},
  author={Quinlan, JR},
  journal={contract},
  volume={14},
  number={85-K},
  pages={0124}
}

% Induction of decision trees (21280 cites)
% https://link.springer.com/content/pdf/10.1007/BF00116251.pdf
@article{quinlan1986induction,
  title={Induction of decision trees},
  author={Quinlan, J. Ross},
  journal={Machine learning},
  volume={1},
  number={1},
  pages={81--106},
  year={1986},
  publisher={Springer}
}


% Constructing Optimal Binary Decision Trees is NP-Complete (1012 cites)
% https://people.csail.mit.edu/rivest/HyafilRivest-ConstructingOptimalBinaryDecisionTreesIsNPComplete.pdf
@article{laurent1976constructing,
  title={Constructing optimal binary decision trees is NP-complete},
  author={Laurent, Hyafil and Rivest, Ronald L},
  journal={Information processing letters},
  volume={5},
  number={1},
  pages={15--17},
  year={1976}
}

% Incremental induction of decision trees (1012 cites)
% https://link.springer.com/content/pdf/10.1023/A:1022699900025.pdf
@article{utgoff1989incremental,
  title={Incremental induction of decision trees},
  author={Utgoff, Paul E},
  journal={Machine learning},
  volume={4},
  number={2},
  pages={161--186},
  year={1989},
  publisher={Springer}
}

% Quantum computation and decision trees (929 cites)
% https://arxiv.org/pdf/quant-ph/9706062.pdf
@article{farhi1998quantum,
  title={Quantum computation and decision trees},
  author={Farhi, Edward and Gutmann, Sam},
  journal={Physical Review A},
  volume={58},
  number={2},
  pages={915},
  year={1998},
  publisher={APS}
}

% Multivariate Decision Trees (556 cites)
% https://link.springer.com/content/pdf/10.1007/BF00994660.pdf
@article{brodley1995multivariate,
  title={Multivariate decision trees},
  author={Brodley, Carla E and Utgoff, Paul E},
  journal={Machine learning},
  volume={19},
  number={1},
  pages={45--77},
  year={1995},
  publisher={Springer}
}

% Decision Trees for Decision Making (385 cites)
% https://pdfs.semanticscholar.org/8b50/f12a4240b7306ca4d0ac9199d192ddc90031.pdf
@book{magee1964decision,
  title={Decision trees for decision making},
  author={Magee, John F},
  year={1964},
  publisher={Harvard Business Review}
}

% Simplifying decision trees: A survey (396 cites)
% https://pdfs.semanticscholar.org/a0e3/e28c7635e69a1418d09030fcbdc2ff49a517.pdf
@article{breslow1997simplifying,
  title={Simplifying decision trees: A survey},
  author={Breslow, Leonard A and Aha, David W},
  journal={The Knowledge Engineering Review},
  volume={12},
  number={1},
  pages={1--40},
  year={1997},
  publisher={Cambridge University Press}
}
